@article{Gutin,
    author =       "G. Gutin, A. Yeo, A. Zverovich",
    title =        "Traveling salesman should not be greedy: domination analysis of greedy-type heuristics for the TSP",
    journal =      "Discrete Applied Mathematics",
    volume =       "117",
    number =       "1-3",
    pages =        "81--86",
    year =         "2002",
    DOI =          "https://www.sciencedirect.com/science/article/pii/S0166218X01001950"
}